@misc{mapm,
	title   =  {Miqra According to the Masora},
	publisher = {Wikisource},
	url = {https://en.wikisource.org/wiki/User:Dovi/Miqra_according_to_the_Masorah#beginning}
}

@book{koren_shabbat,

}

@book{1917JPS,
	title = {The Holy Scriptures},
	date = {1917},
	location = {Philadelphia},
	publisher = {The Jewish Publication Society of America}
}

@book{metzudah_rashi,
	title = {Rashi Chumash},
	date = {2009},
	publisher = {Metzudah Publications}
}

@misc{targum,
	title = {Targum Onkelos, vocalized according to the Yemenite Taj},
	url = {https://he.wikisource.org/wiki/%D7%AA%D7%A8%D7%92%D7%95%D7%9D_%D7%90%D7%95%D7%A0%D7%A7%D7%9C%D7%95%D7%A1}
}